@article{tibs96,
  added-at = {2009-04-04T18:01:35.000+0200},
  author = {Tibshirani, R.},
  biburl = {http://www.bibsonomy.org/bibtex/290e648276aa6cd3c601e7c0a54366233/dieudonnew},
  interhash = {334927808d42a9a6bf8eae717fed41b3},
  intrahash = {90e648276aa6cd3c601e7c0a54366233},
  journal = {Journal of the Royal Statistical Society (Series B)},
  keywords = {imported},
  pages = {267-288},
  timestamp = {2009-04-04T18:01:35.000+0200},
  title = {Regression Shrinkage and Selection via the Lasso},
  volume = 58,
  year = 1996
}
@article{kilbas1900h,
  title={On the H-function},
  author={Kilbas, Anatoly A and Saigo, Megumi},
  journal={Journal of Applied Mathematics and Stochastic Analysis},
  volume={12},
  number={2},
  pages={191--204},
  year={1999}
}

@article{bhadra2015default,
  title={Default {B}ayesian Analysis with Global-Local Shrinkage Priors},
  author={Bhadra, Anindya and Datta, Jyotishka and Polson, Nicholas G and Willard, Brandon T},
  journal={Biometrika},
  volume={to appear},
  year={2016}
}




@article{rockova2014,
author = {Veronika Ro\v{c}kov\'{a} and Edward I. George},
title = {{EMVS}: The {EM} Approach to {B}ayesian Variable Selection},
journal = {Journal of the American Statistical Association},
volume = {109},
number = {506},
pages = {828-846},
year = {2014},
doi = {10.1080/01621459.2013.869223},

URL = { 
        http://dx.doi.org/10.1080/01621459.2013.869223
    
},
eprint = { 
        http://dx.doi.org/10.1080/01621459.2013.869223
    
}

}

@article{castillo2015,
author = "Castillo, IsmaÎl and Schmidt-Hieber, Johannes and van der Vaart, Aad",
doi = "10.1214/15-AOS1334",
fjournal = "The Annals of Statistics",
journal = "Ann. Statist.",
month = "10",
number = "5",
pages = "1986--2018",
publisher = "The Institute of Mathematical Statistics",
title = "{B}ayesian linear regression with sparse priors",
url = "http://dx.doi.org/10.1214/15-AOS1334",
volume = "43",
year = "2015"
}

@article{hans2007,
  added-at = {2010-03-25T16:34:46.000+0100},
  author = {Hans, Chris and Dobra, Adrian and West, Mike},
  biburl = {http://www.bibsonomy.org/bibtex/2e19bf8939103cfa341eefd740ca0bf88/3mta3},
  coden = {JSTNAL},
  doi = {10.1198/016214507000000121},
  file = {hans2007.pdf:Papers/hans2007.pdf:PDF},
  fjournal = {Journal of the American Statistical Association},
  interhash = {f115f62373b3d0c51794470b56e9f68c},
  intrahash = {e19bf8939103cfa341eefd740ca0bf88},
  issn = {0162-1459},
  journal = {Journal of the American Statistical Association},
  keywords = {},
  mrclass = {Database Expansion Item},
  mrnumber = {MR2370849},
  number = 478,
  pages = {507--516},
  timestamp = {2010-03-25T16:34:46.000+0100},
  title = {Shotgun stochastic search for ``large {$p$}'' regression},
  volume = 102,
  year = 2007
}



@inbook{denison12,
address = "Beachwood, Ohio, USA",
author = "Denison, David G.T. and George, Edward I.",
booktitle = "Contemporary Developments in {B}ayesian Analysis and Statistical Decision Theory: A Festschrift for William E. Strawderman",
doi = "10.1214/11-IMSCOLL815",
editor = "Fourdrinier, Dominique and Marchand, Éric and Rukhin, Andrew L.",
pages = "215--234",
publisher = "Institute of Mathematical Statistics",
series = "IMS Collections",
title = "{B}ayesian prediction with adaptive ridge estimators",
url = "http://dx.doi.org/10.1214/11-IMSCOLL815",
volume = "8",
year = "2012"
}

@ARTICLE{George97approachesfor,
    author = {Edward I. George and Robert E. Mc{C}ulloch},
    title = {Approaches for {B}ayesian variable selection},
    journal = {Statistica Sinica},
    year = {1997},
    pages = {339--374}
}


@article{mitchell88,
    author = {Mitchell, T. J. and Beauchamp, J. J.},
    citeulike-article-id = {4746918},
    citeulike-linkout-0 = {http://dx.doi.org/10.2307/2290129},
    citeulike-linkout-1 = {http://www.jstor.org/stable/2290129},
    doi = {10.2307/2290129},
    issn = {01621459},
    journal = {Journal of the American Statistical Association},
    keywords = {bayesian, graphical-models, lasso, variable-selection},
    month = dec,
    number = {404},
    pages = {1023--1032},
    posted-at = {2009-10-26 20:15:32},
    priority = {3},
    publisher = {American Statistical Association},
    title = {{{B}ayesian Variable Selection in Linear Regression}},
    url = {http://dx.doi.org/10.2307/2290129},
    volume = {83},
    year = {1988}
}


@ARTICLE{clarke90,
    author = {Bertrand Clarke and Andrew R. Barron},
    title = {Information-theoretic asymptotics of {B}ayes methods},
    journal = {IEEE Transactions on Information Theory},
    year = {1990},
    volume = {36},
    number = {3},
    pages = {453--471}
}

@misc{mathematica:2014,
  author={{Wolfram Research, Inc.}},
  title= {Mathematica},
  edition= {Version 10.0},
  publisher={Wolfram Research, Inc.},
  year= {2014}
}

@article{zhang2005general,
  title={General empirical {B}ayes wavelet methods and exactly adaptive minimax estimation},
  author={Zhang, Cun-Hui and others},
  journal={The Annals of Statistics},
  volume={33},
  number={1},
  pages={54--100},
  year={2005},
  publisher={Institute of Mathematical Statistics}
}

@misc{stan-software:2014,
  author = {{Stan Development Team}},
  year = {2014},
  title = {Stan: A {C}++ Library for Probability and Sampling,
           Version 2.2},
  url = {http://mc-stan.org/}
}

@inproceedings{armagan2011generalized,
  title={Generalized beta mixtures of {G}aussians},
  author={Armagan, Artin and Clyde, Merlise and Dunson, David B},
  booktitle={Advances in Neural Information Processing Systems},
  pages={523--531},
  year={2011}
}

@article{armagan2013generalized,
  title={Generalized double {P}areto shrinkage},
  author={Armagan, Artin and Dunson, David B and Lee, Jaeyong},
  journal={Statistica Sinica},
  volume={23},
  number={1},
  pages={119--143},
  year={2013},
  publisher={NIH Public Access}
}

@article{polson2012half,
  title={On the half-{C}auchy prior for a global scale parameter},
  author={Polson, Nicholas G and Scott, James G},
  journal={{B}ayesian Analysis},
  volume={7},
  number={4},
  pages={887--902},
  year={2012},
  publisher={International Society for {B}ayesian Analysis}
}

@article{birge2007minimal,
  title={Minimal penalties for {G}aussian model selection},
  author={Birg{\'e}, Lucien and Massart, Pascal},
  journal={Probability theory and related fields},
  volume={138},
  number={1-2},
  pages={33--73},
  year={2007},
  publisher={Springer}
}

@article{bourgade2007euler,
  title={Euler‚Äôs formulae for $\zeta$ (2n) and products of {C}auchy variables},
  author={Bourgade, Paul and Fujita, Takahiko and Yor, Marc},
  journal={Electron. Comm. Probab},
  volume={12},
  pages={73--80},
  year={2007}
}

@article{datta2013asymptotic,
  title={Asymptotic properties of {B}ayes risk for the horseshoe prior},
  author={Datta, Jyotishka and Ghosh, Jayanta K},
  journal={{B}ayesian Analysis},
  volume={8},
  number={1},
  pages={111--132},
  year={2013},
  publisher={International Society for {B}ayesian Analysis}
}
@article{carvalho2009handling,
  title={Handling sparsity via the horseshoe},
  author={Carvalho, C. M. and Polson, N. G. and Scott, J. G.},
  journal={Journal of Machine Learning Research W\&CP},
  volume={5},
  pages={73-80},
  year={2009}
}
@article{carvalho2010horseshoe,
  title={The horseshoe estimator for sparse signals},
  author={Carvalho, Carlos M and Polson, Nicholas G and Scott, James G},
  journal={Biometrika},
volume={97},
  pages={465--480},
  year={2010},
  publisher={Biometrika Trust}
}
@article{scott2006exploration,
  title={An exploration of aspects of {B}ayesian multiple testing},
  author={Scott, J. G. and Berger, J. O.},
  journal={Journal of Statistical Planning and Inference},
  volume={136},
  number={7},
  pages={2144--2162},
  year={2006},
  publisher={Elsevier}
}
@article{scott2010bayes,
  title={{B}ayes and empirical-{B}ayes multiplicity adjustment in the variable-selection problem},
  author={Scott, J. G. and Berger, J. O.},
  journal={The Annals of Statistics},
  volume={38},
  number={5},
  pages={2587--2619},
  year={2010},
  publisher={Institute of Mathematical Statistics}
}
@article{efron1973discussion,
  title={Discussion of ‚ÄúMarginalization Paradoxes in {B}ayesian and Structural Inference,‚Äù by AP Dawid, M. Stone, and JV Zidek},
  author={Efron, BE},
  journal={Journal of the Royal Statistical Society},
  year={1973}
}

@book{poincare1905science,
  title={Science and hypothesis},
  author={Poincar{\'e}, Henri},
  year={1905},
  publisher={Science Press}
}

@article{efron1975biased,
  title={Biased versus unbiased estimation},
  author={Efron, Bradley},
  journal={Advances in Mathematics},
  volume={16},
  number={3},
  pages={259--277},
  year={1975},
  publisher={Elsevier}
}

@article{berger1992development,
  title={On the development of reference priors},
  author={Berger, James O and Bernardo, Jos{\'e} M},
  journal={{B}ayesian statistics},
  volume={4},
  number={4},
  pages={35--60},
  year={1992}
}

@article{creasy1954limits,
  title={Limits for the ratio of means},
  author={Creasy, Monica A},
  journal={Journal of the Royal Statistical Society. Series B (Methodological)},
  pages={186--194},
  year={1954},
  publisher={JSTOR}
}

@article{efron1978controversies,
  title={Controversies in the foundations of statistics},
  author={Efron, Bradley},
  journal={American Mathematical Monthly},
  pages={231--246},
  year={1978},
  publisher={JSTOR}
}

@article{gelman2006prior,
  title={Prior distributions for variance parameters in hierarchical models (comment on article by {B}rowne and {D}raper)},
  author={Gelman, Andrew},
  journal={{B}ayesian Analysis},
  volume={1},
  number={3},
  pages={515--534},
  year={2006},
  publisher={International Society for {B}ayesian Analysis}
}

@article{george2000variable,
  title={The variable selection problem},
  author={George, Edward I},
  journal={Journal of the American Statistical Association},
  volume={95},
  number={452},
  pages={1304--1308},
  year={2000},
  publisher={Taylor \& Francis Group}
}

@article{ghosh14,
   author = {{Ghosh}, P. and {Chakrabarti}, A.},
    title = "{Posterior Concentration Properties of a General Class of Shrinkage Estimators around Nearly Black Vectors}",
  journal = {ArXiv: 1412.8161},
archivePrefix = "arXiv",
 primaryClass = "math.ST",
 keywords = {Mathematics - Statistics Theory},
     year = 2014,
    month = dec,
   adsurl = {http://adsabs.harvard.edu/abs/2014arXiv1412.8161G},
  adsnote = {Provided by the SAO/NASA Astrophysics Data System}
}

@article{tiao1965bayesian,
  title={{B}ayesian analysis of random-effect models in the analysis of variance. I. Posterior distribution of variance-components},
  author={Tiao, George C and Tan, WY},
  journal={Biometrika},
  pages={37--53},
  year={1965},
  publisher={JSTOR}
}

@article{morris2011estimating,
  title={Estimating random effects via adjustment for density maximization},
  author={Morris, Carl and Tang, Ruoxi and others},
  journal={Statistical Science},
  volume={26},
  number={2},
  pages={271--287},
  year={2011},
  publisher={Institute of Mathematical Statistics}
}

@article{polson2010shrink,
  title={Shrink globally, act locally: sparse {B}ayesian regularization and prediction},
  author={Polson, Nicholas G and Scott, James G},
  journal={{B}ayesian Statistics},
  volume={9},
  pages={501--538},
  year={2010},
  publisher={Citeseer}
}

@article{johnstone2004needles,
  title={Needles and straw in haystacks: Empirical {B}ayes estimates of possibly sparse sequences},
  author={Johnstone, Iain M and Silverman, Bernard W},
  journal={Annals of Statistics},
  volume={32},
  pages={1594--1649},
  year={2004},
  publisher={JSTOR}
}

@article{castillo2012needles,
  title={Needles and straw in a haystack: Posterior concentration for possibly sparse sequences},
  author={Castillo, Isma{\"e}l and van der Vaart, Aad},
  journal={The Annals of Statistics},
  volume={40},
  number={4},
  pages={2069--2101},
  year={2012},
  publisher={Institute of Mathematical Statistics}
}

@article{van2014horseshoe,
  title={The horseshoe estimator: Posterior concentration around nearly black vectors},
  author={van der Pas, SL and Kleijn, BJK and van der Vaart, AW},
  journal={Electronic Journal of Statistics},
volume={8},
pages={2585--2618},
  year={2014}
}

@article{donoho1992maximum,
  title={Maximum entropy and the nearly black object},
  author={Donoho, David L and Johnstone, Iain M and Hoch, Jeffrey C and Stern, Alan S},
  journal={Journal of the Royal Statistical Society. Series B (Methodological)},
  volume={54},
  pages={41--81},
  year={1992},
  publisher={JSTOR}
}

@article{bhattacharya2014dirichlet,
 author = {Bhattacharya, Anirban and Pati, Debdeep and Pillai, Natesh S. and Dunson, David B.},
title = {Dirichlet-{L}aplace priors for optimal shrinkage},
journal = {Journal of the American Statistical Association},
volume = {110},
number = {},
pages = {1479--1490},
year = {2015},
doi = {10.1080/01621459.2014.960967},

URL = { 
        http://dx.doi.org/10.1080/01621459.2014.960967
    
},
eprint = { 
        http://dx.doi.org/10.1080/01621459.2014.960967
    
}
}

@article{ho2007gibbs,
  title={Gibbs partitions (EPPF's) derived from a stable Subordinator are Fox H and Meijer G transforms},
  author={Ho, Man-Wai and James, Lancelot F and Lau, John W},
  journal={arXiv preprint arXiv:0708.0619},
  year={2007}
}

@techreport{cook1981h,
  title={The H-function and probability density functions of certain algebraic combinations of independent random variables with H-function probability distribution},
  author={Cook Jr, Ivy D},
  year={1981},
  institution={DTIC Document}
}

@article{kellogg1987distribution,
  title={The distribution of products, quotients, and powers of two dependent H-function variates},
  author={Kellogg, Stuart D and Barnes, J},
  journal={Mathematics and computers in simulation},
  volume={29},
  number={3},
  pages={209--221},
  year={1987},
  publisher={Elsevier}
}

@article{carter1977distribution,
  title={The distribution of products, quotients and powers of independent H-function variates},
  author={Carter, Bradley D and Springer, Melvin D},
  journal={SIAM Journal on Applied Mathematics},
  volume={33},
  number={4},
  pages={542--558},
  year={1977},
  publisher={SIAM}
}

@article{springer1966distribution,
  title={The distribution of products of independent random variables},
  author={Springer, MD and Thompson, WE},
  journal={SIAM Journal on Applied Mathematics},
  volume={14},
  number={3},
  pages={511--526},
  year={1966},
  publisher={SIAM}
}

@article{bogdan2011asymptotic,
  title={Asymptotic {B}ayes-optimality under sparsity of some multiple testing procedures},
  author={Bogdan, Ma{\l}gorzata and Chakrabarti, Arijit and Frommlet, Florian and Ghosh, Jayanta K},
  journal={The Annals of Statistics},
  volume={39},
  number={3},
  pages={1551--1579},
  year={2011},
  publisher={Institute of Mathematical Statistics}
}

@book{jeffrey2007table,
  title={Table of integrals, series, and products},
  author={Jeffrey, Alan and Zwillinger, Daniel},
  year={2007},
  publisher={Academic Press}
}

@book{mathai2009h,
  title={The H-function},
  author={Mathai, AM and Saxena, Ram Kishore and Haubold, Hans J},
  year={2009},
  publisher={Springer},
  address={New York, NY}
}

@article{gradshteyn2007table,
  title={Table of Integrals, Series and Products 7th edn (New York: Academic)},
  author={Gradshteyn, IS and Ryzhik, IM},
  year={2007}
}
@book{bingham1989regular,
  title={Regular variation},
  author={Bingham, Nicholas H and Goldie, Charles M and Teugels, Jef L},
series={Encyclopedia of mathematics and its applications},
  volume={27},
  year={1989},
  publisher={Cambridge University Press}
}
@book{mikosch1999regular,
  title={Regular variation, subexponentiality and their applications in probability theory},
  author={Mikosch, Thomas},
  year={1999},
  series={Volume 99 of EURANDOM report},
  publisher={Eindhoven University of Technology},
  address={Eindhoven, The Netherlands}
}
@article{pericchi1992exact,
  title={Exact and approximate posterior moments for a normal location parameter},
  author={Pericchi, LR and Smith, AFM},
  journal={Journal of the Royal Statistical Society. Series B (Methodological)},
  volume={54},
  pages={793--804},
  year={1992},
  publisher={JSTOR}
}
@article{barndorff1982normal,
  title={Normal variance-mean mixtures and $z$ distributions},
  author={Barndorff-Nielsen, O and Kent, John and S{\o}rensen, Michael},
  journal={International Statistical Review/Revue Internationale de Statistique},
volume={50},
  pages={145--159},
  year={1982},
  publisher={JSTOR}
}
@article{singh2002gene,
  title={Gene expression correlates of clinical prostate cancer behavior},
  author={Singh, Dinesh and Febbo, Phillip G and Ross, Kenneth and Jackson, Donald G and Manola, Judith and Ladd, Christine and Tamayo, Pablo and Renshaw, Andrew A and D'Amico, Anthony V and Richie, Jerome P and others},
  journal={Cancer cell},
  volume={1},
  number={2},
  pages={203--209},
  year={2002},
  publisher={Elsevier}
}
@article{efron2010future,
  title={The future of indirect evidence},
  author={Efron, Bradley},
  journal={Statistical Science},
  volume={25},
  number={2},
  pages={145--157},
  year={2010},
  publisher={NIH Public Access}
}
@book{efron2010large,
  title={Large-scale inference: empirical {B}ayes methods for estimation, testing, and prediction},
  author={Efron, Bradley},
  volume={1},
  year={2010},
  publisher={Cambridge University Press}
}
@article{efron2008microarrays,
  title={Microarrays, empirical {B}ayes and the two-groups model},
  author={Efron, Bradley},
  journal={Statistical Science},
  volume={23},
  number={1},
  pages={1--22},
  year={2008},
  publisher={Institute of Mathematical Statistics}
}

@article{griffin2005alternative,
 title={Inference with normal-gamma prior distributions in regression problems},
  author={Griffin, Jim E and Brown, Philip J},
  journal={{B}ayesian Analysis},
  volume={5},
  number={1},
  pages={171--188},
  year={2010},
  publisher={International Society for {B}ayesian Analysis}
}

@article{rissanen1983universal,
  title={A universal prior for integers and estimation by minimum description length},
  author={Rissanen, Jorma},
  journal={The Annals of statistics},
volume={11},
  pages={416--431},
  year={1983},
  publisher={JSTOR}
}
@incollection{bogdan2008comparison,
    AUTHOR = {Bogdan, Ma{\l}gorzata and Ghosh, Jayanta K. and Tokdar, Surya
              T.},
     TITLE = {A comparison of the {B}enjamini-{H}ochberg procedure with some
              {B}ayesian rules for multiple testing},
 BOOKTITLE = {Beyond parametrics in interdisciplinary research:
              {F}estschrift in honor of {P}rofessor {P}ranab {K}. {S}en},
    SERIES = {Inst. Math. Stat. Collect.},
    VOLUME = {1},
     PAGES = {211--230},
 PUBLISHER = {Inst. Math. Statist., Beachwood, Ohio, USA},
      YEAR = {2008},
   MRCLASS = {62C10 (62C12)},
  MRNUMBER = {2462208 (2009m:62018)},
       DOI = {10.1214/193940307000000158},
       URL = {http://dx.doi.org/10.1214/193940307000000158},
}
@article{efron2011tweedie,
  title={Tweedie‚Äôs formula and selection bias},
  author={Efron, Bradley},
  journal={Journal of the American Statistical Association},
  volume={106},
  number={496},
  pages={1602--1614},
  year={2011},
  publisher={Taylor \& Francis}
}
@techreport{foster2005polyshrink,
  title={Polyshrink: An adaptive variable selection procedure that is competitive with {B}ayes experts},
  author={Foster, Dean P and Stine, Robert A},
  year={2005},
  institution={Univ. of Penn}
}
@article{ghosh2013asymptotic,
  title={Asymptotic Properties of {B}ayes Risk of a General Class of Shrinkage Priors in Multiple Hypothesis Testing Under Sparsity},
  author={Ghosh, Prasenjit and Tang, Xueying and Ghosh, Malay and Chakrabarti, Arijit},
  journal={Bayesian Analysis},
  volume={11},
  pages={753--796},
  year={2016}
}

@article{van2015conditions,
  title={Conditions for Posterior Contraction in the Sparse Normal Means Problem},
  author={van der Pas, St{\'e}phanie and Salomond, Jean-Bernard and Schmidt-Hieber, Johannes},
  journal={Electronic Journal of Statistics},
  volume={10},
  pages={976--1000},
  year={2016}
}


%%% NEW REFERENCES ADDED BY JD 03.11.16

@article{stephens2009bayesian,
  title={Bayesian statistical methods for genetic association studies},
  author={Stephens, Matthew and Balding, David J},
  journal={Nature Reviews Genetics},
  volume={10},
  number={10},
  pages={681--690},
  year={2009},
  publisher={Nature Publishing Group}
}
@article{stranger2011progress,
  title={Progress and promise of genome-wide association studies for human complex trait genetics},
  author={Stranger, Barbara E and Stahl, Eli A and Raj, Towfique},
  journal={Genetics},
  volume={187},
  number={2},
  pages={367--383},
  year={2011},
  publisher={Genetics Soc America}
}
@article{marchini2010genotype,
  title={Genotype imputation for genome-wide association studies},
  author={Marchini, Jonathan and Howie, Bryan},
  journal={Nature Reviews Genetics},
  volume={11},
  number={7},
  pages={499--511},
  year={2010},
  publisher={Nature Publishing Group}
}
@article{guan2008practical,
  title={Practical issues in imputation-based association mapping},
  author={Guan, Yongtao and Stephens, Matthew},
  journal={PLoS Genet},
  volume={4},
  number={12},
  pages={e1000279},
  year={2008},
  publisher={Public Library of Science}
}


