@book{abram65,
author = "Abramowitz, M. and Stegun, I.",
title  = "Handbook of Mathematical Functions",
publisher = {Dover Publications},
year = "1965" }

@article{akaike74,
  abstract = {The history of the development of statistical hypothesis testing in time series analysis is reviewed briefly and it is pointed out that the hypothesis testing procedure is not adequately defined as the procedure for statistical model identification. The classical maximum likelihood estimation procedure is reviewed and a new estimate minimum information theoretical criterion (AIC) estimate (MAICE) which is designed for the purpose of statistical identification is introduced. When there are several competing models the MAICE is defined by the model and the maximum likelihood estimates of the parameters which give the minimum of AIC defined by AIC = (-2)log-(maximum likelihood) + 2(number of independently adjusted parameters within the model). MAICE provides a versatile procedure for statistical model identification which is free from the ambiguities inherent in the application of conventional hypothesis testing procedure. The practical utility of MAICE in time series analysis is demonstrated with some numerical examples.},
  added-at = {2013-12-17T10:09:16.000+0100},
  author = {Akaike, H.},
  biburl = {http://www.bibsonomy.org/bibtex/2b07bee64103850646905669e2c5a15c0/jullybobble},
  doi = {10.1109/TAC.1974.1100705},
  interhash = {1e2509091dcc7474052e2ffdb5bbb51f},
  intrahash = {b07bee64103850646905669e2c5a15c0},
  issn = {0018-9286},
  journal = {IEEE Transactions on Automatic Control},
  keywords = {imported phd},
  month = dec,
  number = 6,
  pages = {716--723},
  timestamp = {2014-07-27T15:43:19.000+0200},
  title = {{A new look at the statistical model identification}},
  url = {http://ieeexplore.ieee.org/xpl/articleDetails.jsp?arnumber=1100705},
  volume = 19,
  year = 1974
}

@book{buhlmann2011statistics,
  title={Statistics for high-dimensional data},
  author={B{\"u}hlmann, Peter and van de Geer, Sara},
  year={2011},
  publisher={Springer-Verlag Berlin Heidelberg}
}



@article{foster1994risk,
  title={The risk inflation criterion for multiple regression},
  author={Foster, Dean P and George, Edward I},
  journal={The Annals of Statistics},
  volume={22},
  pages={1947--1975},
  year={1994},
  publisher={Institute of Mathematical Statistics}
}


@article{dicker2014variance,
  title={Variance estimation in high-dimensional linear models},
  author={Dicker, Lee H},
  journal={Biometrika},
  volume={101},
  number={2},
  pages={269--284},
  year={2014},
  publisher={Oxford University Press}
}

@article{George0000,
author = {George, EdwardI. and Foster, Dean P.}, 
title = {Calibration and empirical {B}ayes variable selection},
volume = {87}, 
number = {4}, 
pages = {731-747}, 
year = {2000}, 
doi = {10.1093/biomet/87.4.731}, 
abstract ={For the problem of variable selection for the normal linear model, selection criteria such as aic, Cp , bic and ric have fixed dimensionality penalties. Such criteria are shown to correspond to selection of maximum posterior models under implicit hyperparameter choices for a particular hierarchical Bayes formulation. Based on this calibration, we propose empirical Bayes selection criteria that use hyperparameter estimates instead of fixed choices. For obtaining these estimates, both marginal and conditional maximum likelihood methods are considered. As opposed to traditional fixed penalty criteria, these empirical Bayes criteria have dimensionality penalties that depend on the data. Their performance is seen to approximate adaptively the performance of the best fixed?penalty criterion across a variety of orthogonal and nonorthogonal set?ups, including wavelet regression. Empirical Bayes shrinkage estimators of the selected coefficients are also proposed.}, 
URL = {http://biomet.oxfordjournals.org/content/87/4/731.abstract}, 
eprint = {http://biomet.oxfordjournals.org/content/87/4/731.full.pdf+html}, 
journal = {Biometrika} 
}


@article{bhadra2015horseshoe+,
  title={The Horseshoe+ Estimator of Ultra-Sparse Signals},
  author={Bhadra, Anindya and Datta, Jyotishka and Polson, Nicholas G and Willard, Brandon},
  journal={Bayesian Analysis},
  year={2016},
  volume={to appear}
}

@article{bhadra2015default,
  title={Default {B}ayesian Analysis with Global-Local Shrinkage Priors},
  author={Bhadra, Anindya and Datta, Jyotishka and Polson, Nicholas G and Willard, Brandon},
  journal={Biometrika},
  volume={to appear},
  year={2016}
}

@article{clyde1996prediction,
  title={Prediction via orthogonalized model mixing},
  author={Clyde, Merlise and Desimone, Heather and Parmigiani, Giovanni},
  journal={Journal of the American Statistical Association},
  volume={91},
  number={435},
  pages={1197--1208},
  year={1996},
  publisher={Taylor \& Francis Group}
}


@article{chun2010sparse,
  title={Sparse partial least squares regression for simultaneous dimension reduction and variable selection},
  author={Chun, Hyonho and Kele{{s}}, S{\"u}nd{\"u}z},
  journal={Journal of the Royal Statistical Society: Series B (Statistical Methodology)},
  volume={72},
  number={1},
  pages={3--25},
  year={2010},
  publisher={Wiley Online Library}
}

@inbook{denison12,
address = "Beachwood, Ohio, USA",
author = "Denison, David and George, Edward I.",
booktitle = "Contemporary Developments in {B}ayesian Analysis and Statistical Decision Theory: A Festschrift for William E. Strawderman",
doi = "10.1214/11-IMSCOLL815",
editor = "Fourdrinier, Dominique and Marchand, Éric and Rukhin, Andrew L.",
pages = "215--234",
publisher = "Institute of Mathematical Statistics",
series = "IMS Collections",
title = "{B}ayesian prediction with adaptive ridge estimators",
url = "http://dx.doi.org/10.1214/11-IMSCOLL815",
volume = "8",
year = "2012"
}


@article{efron83,
  title={Estimating the error rate of a prediction rule: improvement on cross-validation},
  author={Efron, Bradley},
  journal={Journal of the American Statistical Association},
  volume={78},
  number={382},
  pages={316--331},
  year={1983},
  publisher={Taylor \& Francis Group}
}

@article{george93,
author = { Edward I.   George  and  Robert E.   McCulloch },
title = {Variable Selection via Gibbs Sampling},
journal = {Journal of the American Statistical Association},
volume = {88},
number = {423},
pages = {881-889},
year = {1993},
doi = {10.1080/01621459.1993.10476353},

URL = { 
        http://amstat.tandfonline.com/doi/abs/10.1080/01621459.1993.10476353
    
},
eprint = { 
        http://amstat.tandfonline.com/doi/pdf/10.1080/01621459.1993.10476353
    
}
}

@article{george97,
  title={Approaches for Bayesian variable selection},
  author={George, Edward I and McCulloch, Robert E},
  journal={Statistica sinica},
  pages={339--373},
  year={1997},
  publisher={JSTOR}
}




@article{tibshirani96,
  added-at = {2009-04-04T18:01:35.000+0200},
  author = {Tibshirani, R.},
  biburl = {http://www.bibsonomy.org/bibtex/290e648276aa6cd3c601e7c0a54366233/dieudonnew},
  interhash = {334927808d42a9a6bf8eae717fed41b3},
  intrahash = {90e648276aa6cd3c601e7c0a54366233},
  journal = {Journal of the Royal Statistical Society: Series B (Statistical Methodology)},
  keywords = {imported},
  pages = {267-288},
  timestamp = {2009-04-04T18:01:35.000+0200},
  title = {Regression Shrinkage and Selection via the Lasso},
  volume = 58,
  year = 1996
}
@article{kilbas1900h,
  title={On the H-function},
  author={Kilbas, Anatoly A and Saigo, Megumi},
  journal={Journal of Applied Mathematics and Stochastic Analysis},
  volume={12},
  number={2},
  pages={191--204},
  year={1999}
}

@article{mallows73,
author = { C. L.   Mallows },
title = {Some Comments on ${C}_p$ },
journal = {Technometrics},
volume = {15},
number = {4},
pages = {661-675},
year = {1973},
doi = {10.1080/00401706.1973.10489103},

URL = { 
        http://dx.doi.org/10.1080/00401706.1973.10489103
    
},
eprint = { 
        http://dx.doi.org/10.1080/00401706.1973.10489103
    
}

}

@article{jolliffe82,
 author = {Ian T. Jolliffe},
 journal = {Journal of the Royal Statistical Society: Series C (Applied Statistics)},
 number = {3},
 pages = {300-303},
 publisher = {[Wiley, Royal Statistical Society]},
 title = {A Note on the Use of Principal Components in Regression},
 volume = {31},
 year = {1982}
}

@book{hastie09,
  author = {Hastie, Trevor and Tibshirani, Robert and Friedman, Jerome},
  edition = {2nd},
  publisher = {Springer, New York},
  timestamp = {2010-06-03T15:15:09.000+0200},
  title = {The elements of statistical learning: data mining, inference and prediction},
  url = {http://www-stat.stanford.edu/~tibs/ElemStatLearn/},
  year = 2009
}




@article{hoerl70,
author = { Arthur E. Hoerl  and  Robert W.   Kennard },
title = {Ridge Regression: Biased Estimation for Nonorthogonal Problems},
journal = {Technometrics},
volume = {12},
number = {1},
pages = {55-67},
year = {1970},
doi = {10.1080/00401706.1970.10488634},

URL = { 
        http://www.tandfonline.com/doi/abs/10.1080/00401706.1970.10488634
    
},
eprint = { 
        http://www.tandfonline.com/doi/pdf/10.1080/00401706.1970.10488634
    
}

}



@article{mitchell88,
    author = {Mitchell, T. J. and Beauchamp, J. J.},
    citeulike-article-id = {4746918},
    citeulike-linkout-0 = {http://dx.doi.org/10.2307/2290129},
    citeulike-linkout-1 = {http://www.jstor.org/stable/2290129},
    doi = {10.2307/2290129},
    issn = {01621459},
    journal = {Journal of the American Statistical Association},
    keywords = {{B}ayesian, graphical-models, lasso, variable-selection},
    month = dec,
    number = {404},
    pages = {1023--1032},
    posted-at = {2009-10-26 20:15:32},
    priority = {3},
    publisher = {American Statistical Association},
    title = {{{B}ayesian Variable Selection in Linear Regression}},
    url = {http://dx.doi.org/10.2307/2290129},
    volume = {83},
    year = {1988}
}


@ARTICLE{clarke90,
    author = {Bertrand Clarke and Andrew R. Barron},
    title = {Information-theoretic asymptotics of {B}ayes methods},
    journal = {IEEE Transactions on Information Theory},
    year = {1990},
    volume = {36},
    number = {3},
    pages = {453--471}
}

@misc{mathematica:2014,
  author={{Wolfram Research, Inc.}},
  title= {Mathematica},
  edition= {Version 10.0},
  publisher={Wolfram Research, Inc.},
  year= {2014}
}

@article{polsonscott2012,
author = "Polson, Nicholas G. and Scott, James G.",
doi = "10.1214/12-BA730",
journal = "{B}ayesian Analysis",
month = "12",
number = "4",
pages = "887--902",
publisher = "International Society for {B}ayesian Analysis",
title = "On the Half-{C}auchy Prior for a Global Scale Parameter",
url = "http://dx.doi.org/10.1214/12-BA730",
volume = "7",
year = "2012"
}


@article{zhang2005general,
  title={General empirical {B}ayes wavelet methods and exactly adaptive minimax estimation},
  author={Zhang, Cun-Hui and others},
  journal={The Annals of Statistics},
  volume={33},
  number={1},
  pages={54--100},
  year={2005},
  publisher={Institute of Mathematical Statistics}
}

@misc{stan-software:2014,
  author = {{Stan Development Team}},
  year = {2014},
  title = {Stan: A C++ Library for Probability and Sampling,
           Version 2.2},
  url = {http://mc-stan.org/}
}

@inproceedings{armagan2011generalized,
  title={Generalized beta mixtures of {G}aussians},
  author={Armagan, Artin and Clyde, Merlise and Dunson, David B},
  booktitle={Advances in Neural Information Processing Systems},
  pages={523--531},
  year={2011}
}

@article{armagan2013generalized,
  title={Generalized double {P}areto shrinkage},
  author={Armagan, Artin and Dunson, David B and Lee, Jaeyong},
  journal={Statistica Sinica},
  volume={23},
  number={1},
  pages={119--143},
  year={2013},
  publisher={NIH Public Access}
}

@article{polson2012half,
  title={On the half-{C}auchy prior for a global scale parameter},
  author={Polson, Nicholas G and Scott, James G},
  journal={{B}ayesian Analysis},
  volume={7},
  number={4},
  pages={887--902},
  year={2012},
  publisher={International Society for {B}ayesian Analysis}
}

@article{birge2007minimal,
  title={Minimal penalties for {G}aussian model selection},
  author={Birg{\'e}, Lucien and Massart, Pascal},
  journal={Probability theory and related fields},
  volume={138},
  number={1-2},
  pages={33--73},
  year={2007},
  publisher={Springer}
}

@article{bourgade2007euler,
  title={Eulerâs formulae for $\zeta$ (2n) and products of {C}auchy variables},
  author={Bourgade, Paul and Fujita, Takahiko and Yor, Marc},
  journal={Electron. Comm. Probab},
  volume={12},
  pages={73--80},
  year={2007}
}

@article{datta2013asymptotic,
  title={Asymptotic properties of {B}ayes risk for the horseshoe prior},
  author={Datta, Jyotishka and Ghosh, Jayanta K},
  journal={{B}ayesian Analysis},
  volume={8},
  number={1},
  pages={111--132},
  year={2013},
  publisher={International Society for {B}ayesian Analysis}
}
@article{carvalho2009handling,
  title={Handling sparsity via the horseshoe},
  author={Carvalho, C. M. and Polson, N. G. and Scott, J. G.},
  journal={Journal of Machine Learning Research W\&CP},
  volume={5},
  pages={73-80},
  year={2009}
}
@article{carvalho2010horseshoe,
  title={The horseshoe estimator for sparse signals},
  author={Carvalho, Carlos M and Polson, Nicholas G and Scott, James G},
  journal={Biometrika},
volume={97},
  pages={465--480},
  year={2010},
  publisher={Biometrika Trust}
}
@article{scott2006exploration,
  title={An exploration of aspects of {B}ayesian multiple testing},
  author={Scott, J. G. and Berger, J. O.},
  journal={Journal of Statistical Planning and Inference},
  volume={136},
  number={7},
  pages={2144--2162},
  year={2006},
  publisher={Elsevier}
}
@article{scott2010bayes,
  title={Bayes and empirical-{B}ayes multiplicity adjustment in the variable-selection problem},
  author={Scott, J. G. and Berger, J. O.},
  journal={The Annals of Statistics},
  volume={38},
  number={5},
  pages={2587--2619},
  year={2010},
  publisher={Institute of Mathematical Statistics}
}
@article{efron1973discussion,
  title={Discussion of Marginalization Paradoxes in {B}ayesian and Structural Inference,â by AP Dawid, M. Stone, and JV Zidek},
  author={Efron, B},
  journal={Journal of the Royal Statistical Society: Series B (Statistical Methodology)},
  year={1973}
}

@book{poincare1905science,
  title={Science and hypothesis},
  author={Poincar{\'e}, Henri},
  year={1905},
  publisher={Science Press}
}

@article{efron1975biased,
  title={Biased versus unbiased estimation},
  author={Efron, Bradley},
  journal={Advances in Mathematics},
  volume={16},
  number={3},
  pages={259--277},
  year={1975},
  publisher={Elsevier}
}

@article{berger1992development,
  title={On the development of reference priors},
  author={Berger, James O and Bernardo, Jos{\'e} M},
  journal={{B}ayesian statistics},
  volume={4},
  number={4},
  pages={35--60},
  year={1992}
}

@article{creasy1954limits,
  title={Limits for the ratio of means},
  author={Creasy, Monica A},
  journal={Journal of the Royal Statistical Society: Series B (Statistical Methodology)},
  pages={186--194},
  year={1954},
  publisher={JSTOR}
}

@article{efron1978controversies,
  title={Controversies in the foundations of statistics},
  author={Efron, Bradley},
  journal={American Mathematical Monthly},
  pages={231--246},
  year={1978},
  publisher={JSTOR}
}

@article{gelman2006prior,
  title={Prior distributions for variance parameters in hierarchical models (comment on article by Browne and Draper)},
  author={Gelman, Andrew},
  journal={{B}ayesian analysis},
  volume={1},
  number={3},
  pages={515--534},
  year={2006},
  publisher={International Society for {B}ayesian Analysis}
}

@article{george2006,
author = "George, Edward I. and Liang, Feng and Xu, Xinyi",
doi = "10.1214/009053606000000155",
fjournal = "The Annals of Statistics",
journal = "The Annals of Statistics",
month = "02",
number = "1",
pages = "78--91",
publisher = "The Institute of Mathematical Statistics",
title = "Improved minimax predictive densities under {K}ullback-{L}eibler loss",
url = "http://dx.doi.org/10.1214/009053606000000155",
volume = "34",
year = "2006"
}


@article{george2000variable,
  title={The variable selection problem},
  author={George, Edward I},
  journal={Journal of the American Statistical Association},
  volume={95},
  number={452},
  pages={1304--1308},
  year={2000},
  publisher={Taylor \& Francis Group}
}

@article{ghosh14,
   author = {{Ghosh}, P. and {Chakrabarti}, A.},
    title = "{Posterior Concentration Properties of a General Class of Shrinkage Estimators around Nearly Black Vectors}",
  journal = {ArXiv: 1412.8161},
archivePrefix = "arXiv",
 primaryClass = "math.ST",
 keywords = {Mathematics - Statistics Theory},
     year = 2014,
    month = dec,
   adsurl = {http://adsabs.harvard.edu/abs/2014arXiv1412.8161G},
  adsnote = {Provided by the SAO/NASA Astrophysics Data System}
}

@article{tiao1965{B}ayesian,
  title={{B}ayesian analysis of random-effect models in the analysis of variance. I. Posterior distribution of variance-components},
  author={Tiao, George C and Tan, WY},
  journal={Biometrika},
  pages={37--53},
  year={1965},
  publisher={JSTOR}
}

@article{morris2011estimating,
  title={Estimating random effects via adjustment for density maximization},
  author={Morris, Carl and Tang, Ruoxi and others},
  journal={Statistical Science},
  volume={26},
  number={2},
  pages={271--287},
  year={2011},
  publisher={Institute of Mathematical Statistics}
}

@article{polson2010shrink,
  title={Shrink globally, act locally: sparse {B}ayesian regularization and prediction},
  author={Polson, Nicholas G and Scott, James G},
  journal={{B}ayesian Statistics},
  volume={9},
  pages={501--538},
  year={2010},
  publisher={Citeseer}
}

@article{johnstone2004needles,
  title={Needles and straw in haystacks: Empirical {B}ayes estimates of possibly sparse sequences},
  author={Johnstone, Iain M and Silverman, Bernard W},
  journal={Annals of Statistics},
  volume={32},
  pages={1594--1649},
  year={2004},
  publisher={JSTOR}
}

@inproceedings{gordy98,
  title={A generalization of generalized beta distributions},
  author={Gordy, Michael B},
  year={1998},
  booktitle={Finance and Economics Discussion Series},
  publisher={Division of Research and Statistics, Division of Monetary Affairs, Federal Reserve Board}
}


@article{frank93,
     jstor_articletype = {research-article},
     title = {A Statistical View of Some Chemometrics Regression Tools},
     author = {Frank, Ildiko E. and Friedman, Jerome H.},
     journal = {Technometrics},
     jstor_issuetitle = {},
     volume = {35},
     number = {2},
     jstor_formatteddate = {May, 1993},
     pages = {109--135},
     url = {http://www.jstor.org/stable/1269656},
     ISSN = {00401706},
     abstract = {Chemometrics is a field of chemistry that studies the application of statistical methods to chemical data analysis. In addition to borrowing many techniques from the statistics and engineering literatures, chemometrics itself has given rise to several new data-analytical methods. This article examines two methods commonly used in chemometrics for predictive modeling-partial least squares and principal components regression-from a statistical perspective. The goal is to try to understand their apparent successes and in what situations they can be expected to work well and to compare them with other statistical methods intended for those situations. These methods include ordinary least squares, variable subset selection, and ridge regression.},
     language = {English},
     year = {1993},
     publisher = {Taylor & Francis, Ltd. on behalf of American Statistical Association and American Society for Quality},
     copyright = {Copyright © 1993 American Statistical Association and American Society for Quality},
    }
    
@article{castillo2012needles,
  title={Needles and straw in a haystack: Posterior concentration for possibly sparse sequences},
  author={Castillo, Isma{\"e}l and van der Vaart, Aad},
  journal={The Annals of Statistics},
  volume={40},
  number={4},
  pages={2069--2101},
  year={2012},
  publisher={Institute of Mathematical Statistics}
}

@article{van2014horseshoe,
  title={The horseshoe estimator: Posterior concentration around nearly black vectors},
  author={van der Pas, SL and Kleijn, BJK and van der Vaart, AW},
  journal={Electronic Journal of Statistics},
volume={8},
pages={2585--2618},
  year={2014}
}

@article{donoho1992maximum,
  title={Maximum entropy and the nearly black object},
  author={Donoho, David L and Johnstone, Iain M and Hoch, Jeffrey C and Stern, Alan S},
  journal={Journal of the Royal Statistical Society: Series B (Statistical Methodology)},
  volume={54},
  pages={41--81},
  year={1992},
  publisher={JSTOR}
}

@article{bhattacharya2014dirichlet,
 author = {Bhattacharya, Anirban and Pati, Debdeep and Pillai, Natesh S. and Dunson, David B.},
title = {Dirichlet-{L}aplace priors for optimal shrinkage},
journal = {Journal of the American Statistical Association},
volume = {110},
number = {},
pages = {1479--1490},
year = {2015},
doi = {10.1080/01621459.2014.960967},

URL = { 
        http://dx.doi.org/10.1080/01621459.2014.960967
    
},
eprint = { 
        http://dx.doi.org/10.1080/01621459.2014.960967
    
}
}

@article{ho2007gibbs,
  title={Gibbs partitions (EPPF's) derived from a stable Subordinator are Fox H and Meijer G transforms},
  author={Ho, Man-Wai and James, Lancelot F and Lau, John W},
  journal={arXiv preprint arXiv:0708.0619},
  year={2007}
}

@techreport{cook1981h,
  title={The H-function and probability density functions of certain algebraic combinations of independent random variables with H-function probability distribution},
  author={Cook Jr, Ivy D},
  year={1981},
  institution={DTIC Document}
}

@article{kellogg1987distribution,
  title={The distribution of products, quotients, and powers of two dependent H-function variates},
  author={Kellogg, Stuart D and Barnes, J},
  journal={Mathematics and computers in simulation},
  volume={29},
  number={3},
  pages={209--221},
  year={1987},
  publisher={Elsevier}
}

@article{carter1977distribution,
  title={The distribution of products, quotients and powers of independent H-function variates},
  author={Carter, Bradley D and Springer, Melvin D},
  journal={SIAM Journal on Applied Mathematics},
  volume={33},
  number={4},
  pages={542--558},
  year={1977},
  publisher={SIAM}
}

@article{springer1966distribution,
  title={The distribution of products of independent random variables},
  author={Springer, MD and Thompson, WE},
  journal={SIAM Journal on Applied Mathematics},
  volume={14},
  number={3},
  pages={511--526},
  year={1966},
  publisher={SIAM}
}

@article{bogdan2011asymptotic,
  title={Asymptotic {B}ayes-optimality under sparsity of some multiple testing procedures},
  author={Bogdan, Ma{\l}gorzata and Chakrabarti, Arijit and Frommlet, Florian and Ghosh, Jayanta K},
  journal={The Annals of Statistics},
  volume={39},
  number={3},
  pages={1551--1579},
  year={2011},
  publisher={Institute of Mathematical Statistics}
}

@book{jeffrey2007table,
  title={Table of integrals, series, and products},
  author={Jeffrey, Alan and Zwillinger, Daniel},
  year={2007},
  publisher={Academic Press}
}

@book{mathai2009h,
  title={The H-function},
  author={Mathai, AM and Saxena, Ram Kishore and Haubold, Hans J},
  year={2009},
  publisher={Springer}
}

@article{gradshteyn2007table,
  title={Table of Integrals, Series and Products 7th edn (New York: Academic)},
  author={Gradshteyn, IS and Ryzhik, IM},
  year={2007}
}
@book{bingham1989regular,
  title={Regular variation},
  author={Bingham, Nicholas H and Goldie, Charles M and Teugels, Jef L},
series={Encyclopedia of mathematics and its applications},
  volume={27},
  year={1989},
  publisher={Cambridge University Press}
}
@book{mikosch1999regular,
  title={Regular variation, subexponentiality and their applications in probability theory},
  author={Mikosch, Thomas},
  year={1999},
  publisher={Eindhoven University of Technology}
}
@article{pericchi1992exact,
  title={Exact and approximate posterior moments for a normal location parameter},
  author={Pericchi, LR and Smith, AFM},
  journal={Journal of the Royal Statistical Society: Series B (Statistical Methodology)},
  volume={54},
  pages={793--804},
  year={1992},
  publisher={JSTOR}
}

@article{martin2014,
author = "Martin, Ryan and Walker, Stephen G.",
doi = "10.1214/14-EJS949",
journal = "Electronic Journal of Statistics",
number = "2",
pages = "2188--2206",
publisher = "The Institute of Mathematical Statistics and the Bernoulli Society",
title = "Asymptotically minimax empirical {B}ayes estimation of a sparse normal mean vector",
url = "http://dx.doi.org/10.1214/14-EJS949",
volume = "8",
year = "2014"
}


@ARTICLE{masreliez75, 
author={Masreliez, C.}, 
journal={IEEE Transactions on Automatic Control}, 
title={Approximate non-{G}aussian filtering with linear state and observation relations}, 
year={1975}, 
month={Feb}, 
volume={20}, 
number={1}, 
pages={107-110}, 
keywords={Kalman filtering;Linear systems, stochastic discrete-time;Nonlinear filtering;Recursive estimation;State estimation;{B}ayesian methods;Filtering;{G}aussian noise;Kalman filters;Linear systems;Nonlinear filters;Predictive models;Smoothing methods;State estimation;Upper bound}, 
doi={10.1109/TAC.1975.1100882}, 
ISSN={0018-9286},}

@article{barndorff1982normal,
  title={Normal variance-mean mixtures and z distributions},
  author={Barndorff-Nielsen, O and Kent, John and S{\o}rensen, Michael},
  journal={International Statistical Review/Revue Internationale de Statistique},
volume={50},
  pages={145--159},
  year={1982},
  publisher={JSTOR}
}
@article{singh2002gene,
  title={Gene expression correlates of clinical prostate cancer behavior},
  author={Singh, Dinesh and Febbo, Phillip G and Ross, Kenneth and Jackson, Donald G and Manola, Judith and Ladd, Christine and Tamayo, Pablo and Renshaw, Andrew A and D'Amico, Anthony V and Richie, Jerome P and others},
  journal={Cancer cell},
  volume={1},
  number={2},
  pages={203--209},
  year={2002},
  publisher={Elsevier}
}
@article{efron2010future,
  title={The future of indirect evidence},
  author={Efron, Bradley},
  journal={Statistical Science},
  volume={25},
  number={2},
  pages={145--157},
  year={2010},
  publisher={NIH Public Access}
}

@article{craven78,
  title={Smoothing noisy data with spline functions},
  author={Craven, Peter and Wahba, Grace},
  journal={Numerische Mathematik},
  volume={31},
  number={4},
  pages={377--403},
  year={1978},
  publisher={Springer-Verlag}
}

@article{efron79,
  title={Bootstrap methods: another look at the jackknife},
  author={Efron, Bradley},
  journal={The Annals of Statistics},
  pages={1--26},
  year={1979},
  publisher={Institute of Mathematical Statistics}
}

@article{efron04,
  title={The estimation of prediction error: covariance penalties and cross-validation (with discussion)},
  author={Efron, Bradley},
  journal={Journal of the American Statistical Association},
  volume={99},
  number={467},
  pages={619--642},
  year={2004}
}

@article{polson12,
  title={Local shrinkage rules, {L}\'evy processes, and regularized regression},
  author={Polson, Nicholas G and Scott, James G},
  journal={Journal of the Royal Statistical Society: Series B (Statistical Methodology)},
  volume={74},
  number={2},
  pages={287--311},
  year={2012}
}

@article{tibshirani2012degrees,
author = "Tibshirani, Ryan J. and Taylor, Jonathan",
doi = "10.1214/12-AOS1003",
fjournal = "The Annals of Statistics",
journal = "The Annals of Statistics",
month = "04",
number = "2",
pages = "1198--1232",
publisher = "The Institute of Mathematical Statistics",
title = "Degrees of freedom in lasso problems",
url = "http://dx.doi.org/10.1214/12-AOS1003",
volume = "40",
year = "2012"
}


@book{efron2010large,
  title={Large-scale inference: empirical {B}ayes methods for estimation, testing, and prediction},
  author={Efron, Bradley},
  volume={1},
  year={2010},
  publisher={Cambridge University Press}
}
@article{efron2008microarrays,
  title={Microarrays, empirical {B}ayes and the two-groups model},
  author={Efron, Bradley},
  journal={Statistical Science},
  volume={23},
  number={1},
  pages={1--22},
  year={2008},
  publisher={Institute of Mathematical Statistics}
}

@article{stein81,
author = "Stein, Charles M.",
doi = "10.1214/aos/1176345632",
fjournal = "The Annals of Statistics",
journal = "The Annals of Statistics",
month = "11",
number = "6",
pages = "1135--1151",
publisher = "The Institute of Mathematical Statistics",
title = "Estimation of the Mean of a Multivariate Normal Distribution",
url = "http://dx.doi.org/10.1214/aos/1176345632",
volume = "9",
year = "1981"
}


@article{griffin2005alternative,
 title={Inference with normal-gamma prior distributions in regression problems},
  author={Griffin, Jim E and Brown, Philip J},
  journal={{B}ayesian Analysis},
  volume={5},
  number={1},
  pages={171--188},
  year={2010},
  publisher={International Society for {B}ayesian Analysis}
}

@article{rissanen1983universal,
  title={A universal prior for integers and estimation by minimum description length},
  author={Rissanen, Jorma},
  journal={The Annals of statistics},
volume={11},
  pages={416--431},
  year={1983},
  publisher={JSTOR}
}
@incollection{bogdan2008comparison,
    AUTHOR = {Bogdan, Ma{\l}gorzata and Ghosh, Jayanta K. and Tokdar, Surya
              T.},
     TITLE = {A comparison of the {B}enjamini-{H}ochberg procedure with some
              {B}ayesian rules for multiple testing},
 BOOKTITLE = {Beyond parametrics in interdisciplinary research:
              {F}estschrift in honor of {P}rofessor {P}ranab {K}. {S}en},
    SERIES = {Inst. Math. Stat. Collect.},
    VOLUME = {1},
     PAGES = {211--230},
 PUBLISHER = {Inst. Math. Statist., Beachwood, OH},
      YEAR = {2008},
   MRCLASS = {62C10 (62C12)},
  MRNUMBER = {2462208 (2009m:62018)},
       DOI = {10.1214/193940307000000158},
       URL = {http://dx.doi.org/10.1214/193940307000000158},
}
@article{efron2011tweedie,
  title={Tweedieâs formula and selection bias},
  author={Efron, Bradley},
  journal={Journal of the American Statistical Association},
  volume={106},
  number={496},
  pages={1602--1614},
  year={2011},
  publisher={Taylor \& Francis}
}
@techreport{foster2005polyshrink,
  title={Polyshrink: An adaptive variable selection procedure that is competitive with {B}ayes experts},
  author={Foster, Dean P and Stine, Robert A},
  year={2005},
  institution={Technical report, Univ. of Penn}
}
@article{ghosh2013asymptotic,
  title={Asymptotic Properties of {B}ayes Risk of a General Class of Shrinkage Priors in Multiple Hypothesis Testing Under Sparsity},
  author={Ghosh, Prasenjit and Tang, Xueying and Ghosh, Malay and Chakrabarti, Arijit},
  journal={arXiv preprint arXiv:1310.7462},
  year={2013}
}


@article{rockova2014,
author = {Veronika Ro\v{c}kov\'{a} and Edward I. George},
title = {{EMVS}: The {EM} Approach to {B}ayesian Variable Selection},
journal = {Journal of the American Statistical Association},
volume = {109},
number = {506},
pages = {828-846},
year = {2014},
doi = {10.1080/01621459.2013.869223},

URL = { 
        http://dx.doi.org/10.1080/01621459.2013.869223
    
},
eprint = { 
        http://dx.doi.org/10.1080/01621459.2013.869223
    
}

}

@article{rockova2015,
author = {Veronika Ro\v{c}kov\'{a} and Edward I. George},
title = {The Spike-and-Slab LASSO },
journal = {Preprint, The Wharton School},
year={2015}
}



@incollection{zellner86,
author={Zellner, A.},
title={On assessing prior distributions and {B}ayesian regression analysis with g-prior
distributions},
booktitle={ {B}ayesian Inference and Decision Techniques: Essays in Honor of Bruno de Finetti},
editor={Goel, P. K. and Zellner, A.},
pages={233--243},
year={1986},
publisher={Elsevier, North-Holland}
}


@article{szackas04,
title = "Predicting drug sensitivity and resistance: Profiling {ABC} transporter genes in cancer cells ",
journal = "Cancer Cell ",
volume = "6",
number = "2",
pages = "129 - 137",
year = "2004",
note = "",
issn = "1535-6108",
doi = "http://dx.doi.org/10.1016/j.ccr.2004.06.026",
url = "http://www.sciencedirect.com/science/article/pii/S1535610804002065",
author = "Gergely Szak\'{a}cs and Jean-Philippe Annereau and Samir Lababidi and Uma Shankavaram and Angela Arciello and Kimberly J. Bussey and William Reinhold and Yanping Guo and Gary D. Kruh and Mark Reimers and John N. Weinstein and Michael M. Gottesman",
abstract = "For analysis of multidrug resistance, a major barrier to effective cancer chemotherapy, we profiled mRNA expression of the 48 known human \{ABC\} transporters in 60 diverse cancer cell lines (the NCI-60) used by the National Cancer Institute to screen for anticancer activity. The use of real-time RT-PCR avoided artifacts commonly encountered with microarray technologies. By correlating the results with the growth inhibitory profiles of 1,429 candidate anticancer drugs tested against the cells, we identified which transporters are more likely than others to confer resistance to which agents. Unexpectedly, we also found and validated compounds whose activity is potentiated, rather than antagonized, by the \{MDR1\} multidrug transporter. Such compounds may serve as leads for development. "
}

@article{zhang2016high,
  title={High Dimensional Linear Regression via the {R}2-{D}2 Shrinkage Prior},
  author={Zhang, Yan and Reich, Brian J and Bondell, Howard D},
  journal={arXiv:1609.00046},
  year={2016}
}

@article{van2016many,
  title={How many needles in the haystack? Adaptive inference and uncertainty quantification for the horseshoe},
  author={van der Pas, St{\'e}phanie and Szab{\'o}, Botond and van der Vaart, Aad},
  journal={arXiv:1607.01892},
  year={2016}
}

@article{bhadra2016prediction,
  title={Prediction risk for global-local shrinkage regression},
  author={Bhadra, Anindya and Datta, Jyotishka and Li, Yunfan and Polson, Nicholas G and Willard, Brandon},
  journal={arXiv preprint arXiv:1605.04796},
  year={2016}
}

@article{datta2015inference,
  title={Inference on High-Dimensional Sparse Count Data},
  author={Datta, Jyotishka and Dunson, David B},
  journal={Biometrika},
  volume={to appear},
  year={2016}
}


@article{tiao65,
 ISSN = {00063444},
 URL = {http://www.jstor.org/stable/2333810},
 author = {George C. Tiao and  W. Y. Tan},
 journal = {Biometrika},
 number = {1/2},
 pages = {37-53},
 publisher = {[Oxford University Press, Biometrika Trust]},
 title = {Bayesian Analysis of Random-Effect Models in the Analysis of Variance. I. Posterior Distribution of Variance-Components},
 volume = {52},
 year = {1965}
}

@article{morris2011,
author = "Morris, Carl and Tang, Ruoxi",
doi = "10.1214/10-STS349",
fjournal = "Statistical Science",
journal = "Statist. Sci.",
month = "05",
number = "2",
pages = "271--287",
publisher = "The Institute of Mathematical Statistics",
title = "Estimating Random Effects via Adjustment for Density Maximization",
url = "http://dx.doi.org/10.1214/10-STS349",
volume = "26",
year = "2011"
}


@article{schwarz1978,
author = "Schwarz, Gideon",
doi = "10.1214/aos/1176344136",
fjournal = "The Annals of Statistics",
journal = "Ann. Statist.",
month = "03",
number = "2",
pages = "461--464",
publisher = "The Institute of Mathematical Statistics",
title = "Estimating the Dimension of a Model",
url = "http://dx.doi.org/10.1214/aos/1176344136",
volume = "6",
year = "1978"
}


@article{bhadra2016global,
  title={Global-Local Mixtures},
  author={Bhadra, Anindya and Datta, Jyotishka and Polson, Nicholas G and Willard, Brandon},
  journal={arXiv preprint arXiv:1604.07487},
  year={2016}
}

@article{spiegelhalter2002bayesian,
  title={Bayesian measures of model complexity and fit},
  author={Spiegelhalter, David J and Best, Nicola G and Carlin, Bradley P and Van Der Linde, Angelika},
  journal={Journal of the Royal Statistical Society: Series B (Statistical Methodology)},
  volume={64},
  number={4},
  pages={583--639},
  year={2002},
  publisher={Wiley Online Library}
}


@article{bernardo1979reference,
  title={{Reference posterior distributions for {B}ayesian inference (with discussion)}},
  author={Bernardo, Jose M},
  journal={Journal of the Royal Statistical Society: Series B (Statistical Methodology)},
  volume={41},
  pages={113--147},
  year={1979},
  publisher={JSTOR}
}

@book{hastie09,
  author = {Hastie, Trevor and Tibshirani, Robert and Friedman, Jerome},
  edition = {2nd},
  publisher = {Springer, New York},
  timestamp = {2010-06-03T15:15:09.000+0200},
  title = {The elements of statistical learning: data mining, inference and prediction},
  url = {http://www-stat.stanford.edu/~tibs/ElemStatLearn/},
  year = 2009
}

